@article{guo2004,
  title={Separate and joint modeling of longitudinal and event time data using standard computer packages},
  author={Guo, Xu and Carlin, Bradley P},
  journal={The American Statistician},
  volume={58},
  number={1},
  pages={16--24},
  year={2004},
  publisher={Taylor \& Francis}
}
