@book{davison97,
  title={Bootstrap methods and their application},
  author={Davison, Anthony Christopher and Hinkley, David Victor},
  volume={1},
  year={1997},
  publisher={Cambridge university press}
}
