@article{fahrmeir94,
  title={Dynamic modelling and penalized likelihood estimation for discrete time survival data},
  author={Fahrmeir, Ludwig},
  journal={Biometrika},
  volume={81},
  number={2},
  pages={317--330},
  year={1994},
  publisher={Biometrika Trust}
}

@article{fahrmeir92,
  title={Posterior mode estimation by extended Kalman filtering for multivariate dynamic generalized linear models},
  author={Fahrmeir, Ludwig},
  journal={Journal of the American Statistical Association},
  volume={87},
  number={418},
  pages={501--509},
  year={1992},
  publisher={Taylor \& Francis Group}
}

@inproceedings{julier97,
  title={New extension of the Kalman filter to nonlinear systems},
  author={Julier, Simon J and Uhlmann, Jeffrey K},
  booktitle={AeroSense'97},
  pages={182--193},
  year={1997},
  organization={International Society for Optics and Photonics}
}

@article{julier04,
  title={Unscented filtering and nonlinear estimation},
  author={Julier, Simon J and Uhlmann, Jeffrey K},
  journal={Proceedings of the IEEE},
  volume={92},
  number={3},
  pages={401--422},
  year={2004},
  publisher={IEEE}
}

@article{gustafsson12,
  title={Some relations between extended and unscented Kalman filters},
  author={Gustafsson, Fredrik and Hendeby, Gustaf},
  journal={IEEE Transactions on Signal Processing},
  volume={60},
  number={2},
  pages={545--555},
  year={2012},
  publisher={IEEE}
}
