@incollection{tutz16,
  title={Nonparametric Modeling and Smooth Effects},
  author={Tutz, Gerhard and Schmid, Matthias},
  booktitle={Modeling Discrete Time-to-Event Data},
  pages={105--127},
  year={2016},
  publisher={Springer}
}

@article{shumway01,
  title={Forecasting bankruptcy more accurately: A simple hazard model*},
  author={Shumway, Tyler},
  journal={The Journal of Business},
  volume={74},
  number={1},
  pages={101--124},
  year={2001},
  publisher={JSTOR}
}

@book{martinussen07,
  title={Dynamic regression models for survival data},
  author={Martinussen, Torben and Scheike, Thomas H},
  year={2007},
  publisher={Springer Science \& Business Media}
}
