@article{dempster77,
  title={Maximum likelihood from incomplete data via the EM algorithm},
  author={Dempster, Arthur P and Laird, Nan M and Rubin, Donald B},
  journal={Journal of the royal statistical society. Series B (methodological)},
  pages={1--38},
  year={1977},
  publisher={JSTOR}
}

@article{kitagawa96,
  title={Monte Carlo filter and smoother for non-Gaussian nonlinear state space models},
  author={Kitagawa, Genshiro},
  journal={Journal of computational and graphical statistics},
  volume={5},
  number={1},
  pages={1--25},
  year={1996},
  publisher={Taylor \& Francis}
}

@article{de97,
  title={The scan sampler for time series models},
  author={De Jong, Piet},
  journal={Biometrika},
  volume={84},
  number={4},
  pages={929--937},
  year={1997},
  publisher={Oxford University Press}
}

@article{carpenter99,
  title={Improved particle filter for nonlinear problems},
  author={Carpenter, James and Clifford, Peter and Fearnhead, Paul},
  journal={IEE Proceedings-Radar, Sonar and Navigation},
  volume={146},
  number={1},
  pages={2--7},
  year={1999},
  publisher={IET}
}

@article{pitt99,
  title={Filtering via simulation: Auxiliary particle filters},
  author={Pitt, Michael K and Shephard, Neil},
  journal={Journal of the American statistical association},
  volume={94},
  number={446},
  pages={590--599},
  year={1999},
  publisher={Taylor \& Francis}
}

@incollection{pitt01,
  title={Auxiliary variable based particle filters},
  author={Pitt, Michael K and Shephard, Neil},
  booktitle={Sequential Monte Carlo methods in practice},
  pages={273--293},
  year={2001},
  publisher={Springer}
}

@article{andrieu02,
  title={Particle filtering for partially observed Gaussian state space models},
  author={Andrieu, Christophe and Doucet, Arnaud},
  journal={Journal of the Royal Statistical Society: Series B (Statistical Methodology)},
  volume={64},
  number={4},
  pages={827--836},
  year={2002},
  publisher={Wiley Online Library}
}

@inproceedings{douc05,
  title={Comparison of resampling schemes for particle filtering},
  author={Douc, Randal and Capp{\'e}, Olivier},
  booktitle={Image and Signal Processing and Analysis, 2005. ISPA 2005. Proceedings of the 4th International Symposium on},
  pages={64--69},
  year={2005},
  organization={IEEE}
}

@inproceedings{briers05,
  title={Sequential auxiliary particle belief propagation},
  author={Briers, Mark and Doucet, Arnaud and Singh, Sumeetpal S},
  booktitle={Information Fusion, 2005 8th International Conference on},
  volume={1},
  pages={8--pp},
  year={2005},
  organization={IEEE}
}

@inproceedings{klaas06,
  title={Fast particle smoothing: If I had a million particles},
  author={Klaas, Mike and Briers, Mark and De Freitas, Nando and Doucet, Arnaud and Maskell, Simon and Lang, Dustin},
  booktitle={Proceedings of the 23rd international conference on Machine learning},
  pages={481--488},
  year={2006},
  organization={ACM}
}

@article{doucet09,
  title={A tutorial on particle filtering and smoothing: Fifteen years later},
  author={Doucet, Arnaud and Johansen, Adam M},
  journal={Handbook of nonlinear filtering},
  volume={12},
  number={656-704},
  pages={3},
  year={2009}
}

@article{fearnhead10,
  title={A sequential smoothing algorithm with linear computational cost},
  author={Fearnhead, Paul and Wyncoll, David and Tawn, Jonathan},
  journal={Biometrika},
  volume={97},
  number={2},
  pages={447--464},
  year={2010},
  publisher={Oxford University Press}
}

@article{briers10,
  title={Smoothing algorithms for state--space models},
  author={Briers, Mark and Doucet, Arnaud and Maskell, Simon},
  journal={Annals of the Institute of Statistical Mathematics},
  volume={62},
  number={1},
  pages={61--89},
  year={2010},
  publisher={Springer}
}

@article{del10,
  title={Forward smoothing using sequential Monte Carlo},
  author={Del Moral, Pierre and Doucet, Arnaud and Singh, Sumeetpal},
  journal={arXiv preprint arXiv:1012.5390},
  year={2010}
}

@article{malik11,
  title={Particle filters for continuous likelihood evaluation and maximisation},
  author={Malik, Sheheryar and Pitt, Michael K},
  journal={Journal of Econometrics},
  volume={165},
  number={2},
  pages={190--209},
  year={2011},
  publisher={Elsevier}
}

@article{schon11,
  title={System identification of nonlinear state-space models},
  author={Sch{\"o}n, Thomas B and Wills, Adrian and Ninness, Brett},
  journal={Automatica},
  volume={47},
  number={1},
  pages={39--49},
  year={2011},
  publisher={Elsevier}
}

@article{kantas15,
  title={On particle methods for parameter estimation in state-space models},
  author={Kantas, Nikolas and Doucet, Arnaud and Singh, Sumeetpal S and Maciejowski, Jan and Chopin, Nicolas and others},
  journal={Statistical science},
  volume={30},
  number={3},
  pages={328--351},
  year={2015},
  publisher={Institute of Mathematical Statistics}
}
